<?xml version="1.0" encoding="UTF-8"?><collection xmlns="http://www.loc.gov/MARC21/slim"><record><leader>00464nam--2200181-i-4500</leader><controlfield tag="001">000030329</controlfield><controlfield tag="002">20161230</controlfield><controlfield tag="005">20161230201038</controlfield><controlfield tag="008">060222s1000------------r-----000-0-eng-d</controlfield><datafield ind1=" " ind2=" " tag="040"><subfield code="a">IFIN-HH</subfield></datafield><datafield ind1=" " ind2=" " tag="080"><subfield code="a">531.19</subfield></datafield><datafield ind1="1" ind2=" " tag="100"><subfield code="a">Mandl, F</subfield></datafield><datafield ind1="1" ind2="0" tag="245"><subfield code="a">Statistical physics</subfield><subfield code="c">F. mandl</subfield></datafield><datafield ind1=" " ind2=" " tag="260"><subfield code="a">London, John Wiley &amp; Sons Ltd., 1971,</subfield></datafield><datafield ind1=" " ind2=" " tag="300"><subfield code="a">XIII + 379P</subfield></datafield><datafield ind1=" " ind2=" " tag="490"><subfield code="a">The Manchester Physics Series</subfield></datafield><datafield ind1=" " ind2=" " tag="852"><subfield code="a">34181</subfield><subfield code="c">530.161</subfield></datafield><datafield ind1=" " ind2=" " tag="CAT"><subfield code="a">Sys</subfield><subfield code="c">20101004</subfield><subfield code="h">115701</subfield></datafield></record></collection>